@article{SensitivityAnalysisForPNNs_Kowalski,
  author  = {Kowalski, Piotr A. and Kusy, Maciej},
  journal = {IEEE Transactions on Neural Networks and Learning Systems},
  title   = {Sensitivity Analysis for Probabilistic Neural Network Structure Reduction},
  year    = {2018},
  volume  = {29},
  number  = {5},
  pages   = {1919-1932},
  doi     = {10.1109/TNNLS.2017.2688482}
}

@inproceedings{DeepInsideCNNs_Simonyan,
  author    = {Karen Simonyan and
               Andrea Vedaldi and
               Andrew Zisserman},
  editor    = {Yoshua Bengio and
               Yann LeCun},
  title     = {Deep Inside Convolutional Networks: Visualising Image Classification
               Models and Saliency Maps},
  booktitle = {2nd International Conference on Learning Representations, {ICLR} 2014,
               Banff, AB, Canada, April 14-16, 2014, Workshop Track Proceedings},
  year      = {2014},
  url       = {http://arxiv.org/abs/1312.6034},
  timestamp = {Thu, 25 Jul 2019 14:36:46 +0200},
  biburl    = {https://dblp.org/rec/journals/corr/SimonyanVZ13.bib},
  bibsource = {dblp computer science bibliography, https://dblp.org}
}

@inproceedings{AskTheGRU_Trapit,
  doi       = {10.1145/2959100.2959180},
  url       = {https://doi.org/10.1145%2F2959100.2959180},
  year      = {2016},
  month     = {sep},
  publisher = {{ACM}},
  author    = {Trapit Bansal and David Belanger and Andrew McCallum},
  title     = {Ask the GRU: Multi-Task Learning for Deep Text Recommendations},
  booktitle = {Proceedings of the 10th {ACM} Conference on Recommender Systems}
}

@article{ExtractionOfSalientSentences_Denil,
  author     = {Misha Denil and
                Alban Demiraj and
                Nando de Freitas},
  title      = {Extraction of Salient Sentences from Labelled Documents},
  journal    = {CoRR},
  volume     = {abs/1412.6815},
  year       = {2014},
  url        = {http://arxiv.org/abs/1412.6815},
  eprinttype = {arXiv},
  eprint     = {1412.6815},
  timestamp  = {Mon, 13 Aug 2018 16:49:02 +0200},
  biburl     = {https://dblp.org/rec/journals/corr/DenilDF14.bib},
  bibsource  = {dblp computer science bibliography, https://dblp.org}
}

@article{LRP_Lapuschkin,
  author  = {Lapuschkin, Sebastian and Binder, Alexander and Montavon, Grégoire and Klauschen, Frederick and Müller, Klaus-Robert and Samek, Wojciech},
  year    = {2015},
  month   = {07},
  pages   = {e0130140},
  title   = {On Pixel-Wise Explanations for Non-Linear Classifier Decisions by Layer-Wise Relevance Propagation},
  volume  = {10},
  journal = {PLoS ONE},
  doi     = {10.1371/journal.pone.0130140}
}

@misc{ExplainingRNNs_Arras,
  doi       = {10.48550/ARXIV.1706.07206},
  url       = {https://arxiv.org/abs/1706.07206},
  author    = {Arras, Leila and Montavon, Grégoire and Müller, Klaus-Robert and Samek, Wojciech},
  keywords  = {Computation and Language (cs.CL), Artificial Intelligence (cs.AI), Neural and Evolutionary Computing (cs.NE), Machine Learning (stat.ML), FOS: Computer and information sciences, FOS: Computer and information sciences},
  title     = {Explaining Recurrent Neural Network Predictions in Sentiment Analysis},
  publisher = {arXiv},
  year      = {2017},
  copyright = {arXiv.org perpetual, non-exclusive license}
}

@article{DeepLIFT_Shrikumar,
  doi       = {10.48550/ARXIV.1704.02685},
  url       = {https://arxiv.org/abs/1704.02685},
  author    = {Shrikumar, Avanti and Greenside, Peyton and Kundaje, Anshul},
  keywords  = {Computer Vision and Pattern Recognition (cs.CV), Machine Learning (cs.LG), Neural and Evolutionary Computing (cs.NE), FOS: Computer and information sciences, FOS: Computer and information sciences},
  title     = {Learning Important Features Through Propagating Activation Differences},
  publisher = {arXiv},
  year      = {2017},
  copyright = {arXiv.org perpetual, non-exclusive license}
}

@misc{GradientsOfCounterfactuals_Sundararajan,
  doi       = {10.48550/ARXIV.1611.02639},
  url       = {https://arxiv.org/abs/1611.02639},
  author    = {Sundararajan, Mukund and Taly, Ankur and Yan, Qiqi},
  keywords  = {Machine Learning (cs.LG), Computer Vision and Pattern Recognition (cs.CV), FOS: Computer and information sciences, FOS: Computer and information sciences},
  title     = {Gradients of Counterfactuals},
  publisher = {arXiv},
  year      = {2016},
  copyright = {arXiv.org perpetual, non-exclusive license}
}
